@online{intel,
author = {Intel},
title = {Intel Xeon Processor E5-1620 v2},
howpublished={\url{http://www.test.org/doe/}}
}

@online{highest_throughput,
author = {Altera},
title = {Memory System Design}
howpublished = {\url{https://www.altera.com/content/dam/altera-www/global/en_US/pdfs/literature/tt/tt_nios2_tightly_coupled_memory_tutorial.pdf}},
year={2010},
month = {Feburary}
}

https://www.altera.com/content/dam/altera-www/global/en_US/pdfs/literature/hb/nios2/n2cpu_nii5v1.pdf


https://www.altera.com/content/dam/altera-www/global/en_US/pdfs/literature/hb/nios2/edh_ed51003.pdf

https://en.wikipedia.org/wiki/Data_segment

https://www.cs.umd.edu/class/sum2003/cmsc311/Notes/BinMath/addFloat.html

http://ark.intel.com/products/75779/Intel-Xeon-Processor-E5-1620-v2-10M-Cache-3_70-GHz
